% This file was created with JabRef 2.10.
% Encoding: UTF8

@book{hesengming1990,
  title={财经大辞典 上卷},
  author={何盛明},
  publisher={中国财政经济出版社},
  year={1990},
}

@book{mishkin2007,
  title={The economics of money, banking, and financial markets},
  author={Mishkin, Frederic S},
  year={2007},
  publisher={Pearson education}
}

@book{zhangyichun2002,
  title={现代金融市场学},
  author={张亦春},
  publisher={中国金融出版社},
  year={2002},
}

@article{zhouxiaochuan2010,
  title={中国金融业的历史性变革},
  author={周小川},
  journal={中国金融},
  number={z1},
  pages={11-16},
  year={2010},
}

@article{何英2018中国金融市场开放的历史进程和发展路径,
  title={中国金融市场开放的历史进程和发展路径},
  author={何英，刘义圣},
  journal={亚太经济},
  volume={211},
  number={06},
  pages={114-121},
  year={2018},
}

@article{hamada1969portfolio,
  title={Portfolio analysis, market equilibrium and corporation finance},
  author={Hamada, Robert S},
  journal={The Journal of Finance},
  volume={24},
  number={1},
  pages={13--31},
  year={1969},
  publisher={JSTOR}
}


%-----------第一章


@book{xiaoyimin1996,
  title={证券投资学导论},
  author={肖毅敏},
  publisher={湖南科学技术出版社},
  year={1996},
}

@article{wu2017machine,
  title={A machine-learning approach to venture capital},
  author={Wu, Veronica and Gnanasambandam, Chandra},
  journal={The McKinsey Quarterly},
  year={2017},
  publisher={McKinsey \& Company, Inc.}
}

@book{benjisming2009,
  title={证券分析},
  author={本杰明·格雷厄姆，戴维·多德},
  publisher={中国人民大学出版社},
  year={2009},
}

@book{weiketuo2010,
  title={专业投机原理:珍藏版},
  author={维克托·斯波朗迪},
  publisher={机械工业出版社},
  year={2010},
}

@mastersthesis{骆双骏2017基于深度学习的黄金期货价格预测,
  title={基于深度学习的黄金期货价格预测},
  author={骆双骏},
  year={2017},
  school={兰州大学}
}

%-----------有效市场实证
@article{fama1993common,
  title={Common risk factors in the returns on stocks and bonds},
  author={Fama, Eugene F and French, Kenneth R},
  journal={Journal of},
  year={1993}
}

@article{nichol2014profitability,
  title={Profitability and investment factors for UK asset pricing models},
  author={Nichol, Eoghan and Dowling, Michael},
  journal={Economics Letters},
  volume={125},
  number={3},
  pages={364--366},
  year={2014},
  publisher={Elsevier}
}

@article{guerard2015earnings,
  title={Earnings forecasting in a global stock selection model and efficient portfolio construction and management},
  author={Guerard Jr, John B and Markowitz, Harry and Xu, GanLin},
  journal={International Journal of Forecasting},
  volume={31},
  number={2},
  pages={550--560},
  year={2015},
  publisher={Elsevier}
}

@article{zhou2019deep,
  title={Deep learning and the cross-section of stock returns: Neural networks combining price and fundamental information},
  author={Zhou, Bo},
  journal={Available at SSRN 3179281},
  year={2019}
}

@inproceedings{vargas2017deep,
  title={Deep learning for stock market prediction from financial news articles},
  author={Vargas, Manuel R and De Lima, Beatriz SLP and Evsukoff, Alexandre G},
  booktitle={2017 IEEE International Conference on Computational Intelligence and Virtual Environments for Measurement Systems and Applications (CIVEMSA)},
  pages={60--65},
  year={2017},
  organization={IEEE}
}

@article{sarkar1985feature,
  title={Feature extraction techniques for sorting tomatoes by computer vision},
  author={Sarkar, N and Wolfe, RR},
  journal={Transactions of the ASAE},
  volume={28},
  number={3},
  pages={970--0974},
  year={1985},
  publisher={American Society of Agricultural and Biological Engineers}
}

@article{dwass1957modified,
  title={Modified randomization tests for nonparametric hypotheses},
  author={Dwass, Meyer},
  journal={The Annals of Mathematical Statistics},
  pages={181--187},
  year={1957},
  publisher={JSTOR}
}

@techreport{frazzini2013buffett,
  title={Buffett's alpha},
  author={Frazzini, Andrea and Kabiller, David and Pedersen, Lasse H},
  year={2013},
  institution={National Bureau of Economic Research}
}

@inproceedings{vaswani2017attention,
  title={Attention is all you need},
  author={Vaswani, Ashish and Shazeer, Noam and Parmar, Niki and Uszkoreit, Jakob and Jones, Llion and Gomez, Aidan N and Kaiser, {\L}ukasz and Polosukhin, Illia},
  booktitle={Advances in neural information processing systems},
  pages={5998--6008},
  year={2017}
}

@article{sharpe1994sharpe,
  title={The sharpe ratio},
  author={Sharpe, William F},
  journal={Journal of portfolio management},
  volume={21},
  number={1},
  pages={49--58},
  year={1994},
  publisher={INSTITUTIONAL INVESTOR INC 488 MADISON AVENUE, NEW YORK, NY 10022}
}

@inproceedings{kosiorek2019stacked,
  title={Stacked capsule autoencoders},
  author={Kosiorek, Adam and Sabour, Sara and Teh, Yee Whye and Hinton, Geoffrey E},
  booktitle={Advances in Neural Information Processing Systems},
  pages={15512--15522},
  year={2019}
}

@inproceedings{he2016deep,
  title={Deep residual learning for image recognition},
  author={He, Kaiming and Zhang, Xiangyu and Ren, Shaoqing and Sun, Jian},
  booktitle={Proceedings of the IEEE conference on computer vision and pattern recognition},
  pages={770--778},
  year={2016}
}

@article{chong2017deep,
  title={Deep learning networks for stock market analysis and prediction: Methodology, data representations, and case studies},
  author={Chong, Eunsuk and Han, Chulwoo and Park, Frank C},
  journal={Expert Systems with Applications},
  volume={83},
  pages={187--205},
  year={2017},
  publisher={Elsevier}
}

@phdthesis{王劲松股市常用技术分析方法的有效性实证研究,
  title={股市常用技术分析方法的有效性实证研究},
  author={王劲松},
  school={西南财经大学},
year={2004}
}

@article{李莎2009股票市场中技术分析有效性的实证研究,
  title={股票市场中技术分析有效性的实证研究},
  author={李莎、李红刚},
  journal={北京师范大学学报(自然科学版)},
  volume={045},
  number={2},
  pages={212-214},
  year={2009},
}

@article{张兵2003中国股票市场的渐进有效性研究,
  title={中国股票市场的渐进有效性研究},
  author={张兵、李晓明},
  journal={经济研究},
  number={1},
  pages={54-61},
  year={2003},
}

@article{张亦春2001中国股市弱式有效吗,
  title={中国股市弱式有效吗?},
  author={张亦春、周颖刚},
  journal={金融研究},
  volume={3},
  pages={34--40},
  year={2001}
}

@article{朱孔来2013中国股票市场有效性的复合评价,
  title={中国股票市场有效性的复合评价},
  author={朱孔来、李静静},
  journal={数理统计与管理},
  volume={032},
  number={1},
  pages={145-154},
  year={2013},
}

@article{兰秋军2005中国股市弱有效吗,
  title={中国股市弱有效吗?——来自数据挖掘的实证研究},
  author={兰秋军、马超群、甘国君、吴建宏},
  journal={中国管理科学},
  volume={V},
  number={4},
  pages={17-23},
  year={2005},
}

@article{程希骏2003中国股市,
  title={中国股市ST板块弱有效性检验},
  author={程希骏，吴振翔，周晖},
  journal={中国管理科学},
  volume={V},
  number={4},
  pages={1-4},
  year={2003},
}

@article{许沁2012中国股票市场弱有效性检验,
  title={中国股票市场弱有效性检验},
  author={许沁},
  journal={中国外资},
  number={10},
  pages={218-219},
  year={2012},
}

@phdthesis{毛春林2012有效市场理论与我国股票市场有效性分析,
  title={有效市场理论与我国股票市场有效性分析},
  author={毛春林},
  school={湘潭大学},
  year={2012},
}


@article{邓子来市场有效理论及我国股票市场有效性的实证检验,
  title={市场有效理论及我国股票市场有效性的实证检验},
  author={邓子来},
  journal={金融论坛},
  number={10},
  pages={44-50},
year={1998}
}

@article{吴世农1996我国证券市场效率的分析,
  title={我国证券市场效率的分析},
  author={吴世农},
  journal={经济研究},
  number={4},
  pages={13-19},
  year={1996},
}

@article{胡昌生2004中国股票市场有效性实证研究,
  title={中国股票市场有效性实证研究},
  author={胡昌生，刘宏},
  journal={统计与决策},
  volume={000},
  number={011},
  pages={45-46},
  year={2004},
}

@article{韩德宗2002中美股票市场弱式有效性的比较研究,
  title={中美股票市场弱式有效性的比较研究},
  author={韩德宗，虞红丹},
  journal={财经论丛},
  volume={000},
  number={004},
  pages={75-80},
  year={2002},
}

@article{zshaque2011testing,
  title={Testing the weak form efficiency of Pakistani stock market (2000--2010)},
  author={Haque, Abdul and Liu, Hung-Chun and Nisa, Fakhar Un},
  journal={International Journal of Economics and Financial Issues},
  volume={1},
  number={4},
  pages={153--162},
  year={2011},
  publisher={Econjournals}
}
@article{zsawad2009testing,
  title={Testing the weak-form efficiency of the Palestinian securities market},
  author={Awad, Ibrahim and Daraghma, Zahran},
  year={2009},
  publisher={EuroJournals Publishing}
}
@inproceedings{zsmobarek2000weak,
  title={Weak-form market efficiency of an emerging Market: Evidence from Dhaka Stock Market of Bangladesh},
  author={Mobarek, Asma and Keasey, Keavin},
  booktitle={ENBS Conference held on Oslo},
  pages={1--30},
  year={2000}
}

@article{zsahmad2006testing,
  title={Testing weak form efficiency for Indian stock markets},
  author={Ahmad, Khan Masood and Ashraf, Shahid and Ahmed, Shahid},
  journal={Economic and Political Weekly},
  pages={49--56},
  year={2006},
  publisher={JSTOR}
}

@article{alexeev2011testing,
  title={Testing weak form efficiency on the Toronto Stock Exchange},
  author={Alexeev, Vitali and Tapon, Francis},
  journal={Journal of Empirical Finance},
  volume={18},
  number={4},
  pages={661--691},
  year={2011},
  publisher={Elsevier}
}

%-----------第二章

@misc{hernan2010causal,
  title={Causal inference},
  author={Hern{\'a}n, Miguel A and Robins, James M},
  year={2010},
  publisher={CRC Boca Raton, FL;}
}



%----------以上是因果推断

@book{mckinney2012python,
  title={Python for data analysis: Data wrangling with Pandas, NumPy, and IPython},
  author={McKinney, Wes},
  year={2012},
  publisher={" O'Reilly Media, Inc."}
}

@book{hilpisch2014python,
  title={Python for Finance: Analyze big financial data},
  author={Hilpisch, Yves},
  year={2014},
  publisher={" O'Reilly Media, Inc."}
}

@misc{tushare,
author = “Tushare团队”,
title = “Tushare财经数据接口”,
howpublished = “Website”,
year = {2020},
note = {\url{http://http://tushare.org/}}
}

@article{shahriari2015taking,
  title={Taking the human out of the loop: A review of Bayesian optimization},
  author={Shahriari, Bobak and Swersky, Kevin and Wang, Ziyu and Adams, Ryan P and De Freitas, Nando},
  journal={Proceedings of the IEEE},
  volume={104},
  number={1},
  pages={148--175},
  year={2015},
  publisher={IEEE}
}

@inproceedings{Hoffman2014Predictive,
  title={Predictive entropy search for efficient global optimization of black-box functions},
  author={Hoffman, Matthew W. and Ghahramani, Zoubin},
  booktitle={International Conference on Neural Information Processing Systems},
  year={2014},
}

@article{Arlot2009A,
	title={A Survey of Cross Validation Procedures for Model Selection},
	author={Arlot, Sylvain and Celisse, Alain},
	journal={Statistics Surveys},
	volume={4},
	number={2010},
	year={2009},
}


@article{2016Mastering,
	title={Mastering the game of Go with deep neural networks and tree search},
	author={Silver, D., Huang, A.}
	journal={Nature},
	volume={529},
	number={7587},
	pages={484-489},
	year={2016},
}

@book{Pelikan2005Bayesian,
	title={Bayesian Optimization Algorithm},
	author={Pelikan, Martin},
	publisher={Springer Berlin Heidelberg},
	year={2005},
}

@article{Hwang1988Simulated,
	title={Simulated annealing: Theory and applications},
	author={Hwang, Chii Ruey},
	journal={Acta Applicandae Mathematica},
	volume={12},
	number={1},
	pages={108-111},
	year={1988},
}

@article{Hastie2004The,
	title={The elements of statistical learning. 2001},
	author={Hastie, Trevor and Tibshirani, Robert and Friedman, Jerome},
	journal={Journal of the Royal Statistical Society},
	volume={167},
	number={1},
	pages={192-192},
	year={2004},
}

@article{Tibshirani2004Least,
	title={Least angle regression},
	author={Tibshirani, Ryan and Tibshirani, Rob and Taylor, Jonathan and G'Sell, Max and Loftus, Joshua and Reid, Stephen},
	journal={Annals of Statistics},
	volume={32},
	number={2},
	pages={407-451},
	year={2004},
}

@article{Nesterov2017Efficiency,
	title={Efficiency of the Accelerated Coordinate Descent Method on Structured Optimization Problems},
	author={Nesterov, Yurii and Stich, Sebastian U.},
	journal={Siam Journal on Optimization},
	volume={27},
	number={1},
	pages={110-123},
	year={2017},
}

@article{Kingma2014Adam,
	title={Adam: A Method for Stochastic Optimization},
	author={Kingma, Diederik P and Ba, Jimmy},
	journal={Computer Science},
	year={2014},
}

@book{Vapnik2000The,
	title={The Nature of Statistical Learning Theory},
	author={Vapnik, Vladimir N.},
	publisher={Springer,},
	year={2000},
}

@article{Iavor2019Time,
	title={Time Series Experiments and Causal Estimands: Exact Randomization Tests and Trading},
	author={Iavor Bojinov and Neil Shephard},
	journal={Publications of the American Statistical Association},
	volume={114},
	number={528},
	pages={1665-1682},
	year={2019},
}

@article{Silver2017Mastering,
	title={Mastering the game of Go without human knowledge},
	author={Silver, David and Schrittwieser, Julian and Simonyan, Karen and Antonoglou, Ioannis and Huang, Aja and Guez, Arthur and Hubert, Thomas and Baker, Lucas and Lai, Matthew and Bolton, Adrian},
	journal={Nature},
	volume={550},
	number={7676},
	pages={354-359},
	year={2017},
}

@article{Frazier2018A,
	title={A Tutorial on Bayesian Optimization},
	author={Frazier, Peter I},
	year={2018},
	journal={arxiv.org/1807.02811}
}

@article{Patel2015Predicting,
	title={Predicting stock and stock price index movement using Trend Deterministic Data Preparation and machine learning techniques},
	author={Patel, Jigar and Shah, Sahil and Thakkar, Priyank and Kotecha, K},
	journal={Expert Systems with Applications},
	volume={42},
	number={1},
	pages={259-268},
	year={2015},
}

@phdthesis{chenfangfang2019,
	title={基于支持向量机的股票价格预测研究},
	author={陈芳芳},
	school={重庆理工大学},
	year={2019},
}

@article{linlijia2019,
	title={技术分析中双移动平均线交叉信号在A股市场的有效性分析},
	author={林丽佳，孙得将},
	journal={时代金融},
	number={23},
	year={2019},
}

@article{sunbibo2004,
	title={对中国证券市场弱态有效性的检验——基于技术分析获利能力的实证研究},
	author={孙碧波，方健雯},
	journal={上海财经大学学报},
	number={6},
	pages={53-58},
	year={2004},
}

@article{Malkiel1970EFFICIENT,
	title={EFFICIENT CAPITAL MARKETS: A REVIEW OF THEORY AND EMPIRICAL WORK},
	author={Malkiel, Burton G. and Fama, Eugene F.},
	journal={Journal of Finance},
	volume={25},
	number={2},
	pages={383-417},
	year={1970},
}



